<?xml version="1.0" encoding="UTF-8"?><record xmlns="http://www.loc.gov/MARC21/slim" xmlns:cinclude="http://apache.org/cocoon/include/1.0" xmlns:zs="http://www.loc.gov/zing/srw/">
  <leader>00842cz  a2200145n  4500</leader>
  <controlfield tag="001">n  92062503 </controlfield>
  <controlfield tag="003">DLC</controlfield>
  <controlfield tag="005">20120811083026.0</controlfield>
  <controlfield tag="008">920612n| acannaab           |a ana      </controlfield>
  <datafield tag="010" ind1=" " ind2=" ">
    <subfield code="a">n  92062503 </subfield>
  </datafield>
  <datafield tag="040" ind1=" " ind2=" ">
    <subfield code="a">DLC</subfield>
    <subfield code="b">eng</subfield>
    <subfield code="c">DLC</subfield>
    <subfield code="d">InU</subfield>
    <subfield code="d">DLC</subfield>
  </datafield>
  <datafield tag="111" ind1="2" ind2=" ">
    <subfield code="a">Seﾌ［inaire national Services juridiques en milieu rural--formation des parajuristes</subfield>
    <subfield code="d">(1989 :</subfield>
    <subfield code="c">Cotonou, Benin)</subfield>
  </datafield>
  <datafield tag="411" ind1="2" ind2=" ">
    <subfield code="a">Seﾌ［inaire national sur les services juridiques en milieu rural--formation des parajuristes</subfield>
    <subfield code="d">(1989 :</subfield>
    <subfield code="c">Cotonou, Benin)</subfield>
  </datafield>
  <datafield tag="667" ind1=" " ind2=" ">
    <subfield code="a">THIS 1XX FIELD CANNOT BE USED UNDER RDA UNTIL THIS RECORD HAS BEEN REVIEWED AND/OR UPDATED</subfield>
  </datafield>
  <datafield tag="670" ind1=" " ind2=" ">
    <subfield code="a">Its Seﾌ［inaire national Services juridiques en milieu rural--formation des parajuristes, 1990:</subfield>
    <subfield code="b">t.p. (held Dec. 1989, Cotonou) leaf after t.p. (Seﾌ［inaire national sur les services juridiques en milieu rural--formation des parajuristes)</subfield>
  </datafield>
</record>